<record xmlns="http://www.loc.gov/MARC21/slim">
   <leader>02678cam a2200505 i 4500</leader>
   <controlfield tag="001">6804902</controlfield>
   <controlfield tag="003">OCoLC</controlfield>
   <controlfield tag="005">20150225171544.0</controlfield>
   <controlfield tag="008">140609r20152014nyuab    b    001 0 eng d</controlfield>
   <datafield ind1=" " ind2=" " tag="020">
      <subfield code="a">9781605986746</subfield>
   </datafield>
   <datafield ind1=" " ind2=" " tag="020">
      <subfield code="a">1605986747</subfield>
   </datafield>
   <datafield ind1=" " ind2=" " tag="035">
      <subfield code="a">ocn881207932</subfield>
   </datafield>
   <datafield ind1=" " ind2=" " tag="039">
      <subfield code="a">exclude</subfield>
   </datafield>
   <datafield ind1=" " ind2=" " tag="040">
      <subfield code="a">BTCTA</subfield>
      <subfield code="b">eng</subfield>
      <subfield code="e">rda</subfield>
      <subfield code="c">BTCTA</subfield>
      <subfield code="d">BDX</subfield>
      <subfield code="d">HHO</subfield>
      <subfield code="d">YAM</subfield>
      <subfield code="d">YDXCP</subfield>
      <subfield code="d">CDX</subfield>
      <subfield code="d">AEU</subfield>
   </datafield>
   <datafield ind1=" " ind2=" " tag="043">
      <subfield code="a">e-ic---</subfield>
      <subfield code="a">e------</subfield>
   </datafield>
   <datafield ind1=" " ind2="4" tag="050">
      <subfield code="a">QE523.L25</subfield>
      <subfield code="b">W58 2015</subfield>
   </datafield>
   <datafield ind1="0" ind2="4" tag="082">
      <subfield code="a">551.2109491209/03</subfield>
      <subfield code="2">23</subfield>
   </datafield>
   <datafield ind1=" " ind2=" " tag="090">
      <subfield code="a">QE 523 L25 W58 2015</subfield>
      <subfield code="b">ARDC</subfield>
   </datafield>
   <datafield ind1=" " ind2=" " tag="090">
      <subfield code="a">QE523 .L25 W58 2015</subfield>
      <subfield code="b">AEGMCT</subfield>
   </datafield>
   <datafield ind1="1" ind2=" " tag="100">
      <subfield code="a">Witze, Alexandra,</subfield>
      <subfield code="e">author.</subfield>
   </datafield>
   <datafield ind1="1" ind2="0" tag="245">
      <subfield code="a">Island on fire :</subfield>
      <subfield code="b">the extraordinary story of a forgotten volcano that changed the world /</subfield>
      <subfield code="c">Alexandra Witze &amp; Jeff Kanipe.</subfield>
   </datafield>
   <datafield ind1=" " ind2=" " tag="250">
      <subfield code="a">First Pegasus Books hardcover edition, American edition.</subfield>
   </datafield>
   <datafield ind1=" " ind2="1" tag="264">
      <subfield code="a">New York :</subfield>
      <subfield code="b">Pegasus Books,</subfield>
      <subfield code="c">2015.</subfield>
   </datafield>
   <datafield ind1=" " ind2="4" tag="264">
      <subfield code="c">©2014</subfield>
   </datafield>
   <datafield ind1=" " ind2=" " tag="300">
      <subfield code="a">224 pages :</subfield>
      <subfield code="b">illustrations, maps ;</subfield>
      <subfield code="c">22 cm</subfield>
   </datafield>
   <datafield ind1=" " ind2=" " tag="336">
      <subfield code="a">text</subfield>
      <subfield code="b">txt</subfield>
      <subfield code="2">rdacontent</subfield>
   </datafield>
   <datafield ind1=" " ind2=" " tag="336">
      <subfield code="a">still image</subfield>
      <subfield code="b">sti</subfield>
      <subfield code="2">rdacontent</subfield>
   </datafield>
   <datafield ind1=" " ind2=" " tag="336">
      <subfield code="a">cartographic image</subfield>
      <subfield code="b">cri</subfield>
      <subfield code="2">rdacontent</subfield>
   </datafield>
   <datafield ind1=" " ind2=" " tag="337">
      <subfield code="a">unmediated</subfield>
      <subfield code="b">n</subfield>
      <subfield code="2">rdamedia</subfield>
   </datafield>
   <datafield ind1=" " ind2=" " tag="338">
      <subfield code="a">volume</subfield>
      <subfield code="b">nc</subfield>
      <subfield code="2">rdacarrier</subfield>
   </datafield>
   <datafield ind1=" " ind2=" " tag="500">
      <subfield code="a">"January 2015"--Title page verso.</subfield>
   </datafield>
   <datafield ind1=" " ind2=" " tag="500">
      <subfield code="a">Originally published with subtitle: The extraordinary story of Laki, the forgotten volcano that turned eighteenth-century Europe dark. London : Profile Books, 2014. With new foreword.</subfield>
   </datafield>
   <datafield ind1=" " ind2=" " tag="504">
      <subfield code="a">Includes bibliographical references and index.</subfield>
   </datafield>
   <datafield ind1="0" ind2=" " tag="505">
      <subfield code="a">Preface : Heimaey, 1973 -- 1. Laki erupts : June 1783 -- 2. Land of ice and fire : the volcanoes of Iceland -- 3. Supervolcanoes : the world's hotspots -- 4. Fire, famine and death : the poisoning of Iceland -- 5. Horrible phenomena : Europe's 'year of wonders' -- 6. The big chill : Laki's global fallout -- 7. Laki today : life in the mountain's shadow -- 8. Death by volcano : the many ways eruptions can kill -- 9. The next big bang : how worried should we be? -- Epilogue : Return to history.</subfield>
   </datafield>
   <datafield ind1=" " ind2=" " tag="596">
      <subfield code="a">35 55</subfield>
   </datafield>
   <datafield ind1="0" ind2="0" tag="600">
      <subfield code="a">Jón Steingrímsson,</subfield>
      <subfield code="d">1728-1791.</subfield>
   </datafield>
   <datafield ind1=" " ind2="0" tag="650">
      <subfield code="a">Volcanic eruptions</subfield>
      <subfield code="x">Social aspects</subfield>
      <subfield code="z">Iceland.</subfield>
   </datafield>
   <datafield ind1=" " ind2="0" tag="650">
      <subfield code="a">Lava flows</subfield>
      <subfield code="z">Iceland</subfield>
      <subfield code="x">History</subfield>
      <subfield code="y">18th century.</subfield>
   </datafield>
   <datafield ind1=" " ind2="0" tag="650">
      <subfield code="a">Weather</subfield>
      <subfield code="x">Effect of volcanic eruptions on</subfield>
      <subfield code="z">Europe</subfield>
      <subfield code="x">History</subfield>
      <subfield code="y">18th century.</subfield>
   </datafield>
   <datafield ind1=" " ind2="0" tag="650">
      <subfield code="a">Volcanology</subfield>
      <subfield code="x">History.</subfield>
   </datafield>
   <datafield ind1=" " ind2="0" tag="651">
      <subfield code="a">Laki (Iceland)</subfield>
      <subfield code="x">Eruption, 1783-1784.</subfield>
   </datafield>
   <datafield ind1="1" ind2=" " tag="700">
      <subfield code="a">Kanipe, Jeff,</subfield>
      <subfield code="d">1953-</subfield>
      <subfield code="e">author.</subfield>
   </datafield>
   <datafield ind1=" " ind2=" " tag="949">
      <subfield code="a">QE523 .L25 W58 2015</subfield>
      <subfield code="h">GMAC-OS-B</subfield>
      <subfield code="i">1007401795</subfield>
      <subfield code="p">32.88</subfield>
      <subfield code="k">AVAIL_SOON</subfield>
   </datafield>
   <datafield ind1=" " ind2=" " tag="926">
      <subfield code="a">QE523 .L25 W58 2015</subfield>
      <subfield code="w">LC</subfield>
      <subfield code="c">1</subfield>
      <subfield code="i">1007401795</subfield>
      <subfield code="d">10/19/2015</subfield>
      <subfield code="e">9/30/2015</subfield>
      <subfield code="l">ON_SHELF</subfield>
      <subfield code="m">GR_MAC_ACC</subfield>
      <subfield code="n">2</subfield>
      <subfield code="p">$32.88</subfield>
      <subfield code="r">Y</subfield>
      <subfield code="s">Y</subfield>
      <subfield code="t">BOOK</subfield>
      <subfield code="u">3/3/2015</subfield>
   </datafield>
   <datafield ind1=" " ind2=" " tag="926">
      <subfield code="a">QE 523 L25 W58 2015</subfield>
      <subfield code="w">LC</subfield>
      <subfield code="c">1</subfield>
      <subfield code="i">30125302467609</subfield>
      <subfield code="l">FLOOR_2</subfield>
      <subfield code="m">RED_DEER_C</subfield>
      <subfield code="r">Y</subfield>
      <subfield code="s">Y</subfield>
      <subfield code="t">BOOK</subfield>
      <subfield code="u">1/26/2016</subfield>
   </datafield>
</record>
